@misc{IBMResearch,
    author    = "Dr. John E. Kelly",
    title     = "Computing, cognition and the future of knowing",
    url       = "http://www.research.ibm.com/software/IBMResearch/multimedia/Computing_Cognition_WhitePaper.pdf",
}
@misc{WellPointIBM,
    author    = "WellPoint Inc. and IBM",
    title     = "IBM Watson case study, how will it help the medical field",
    url       = "https://www-935.ibm.com/services/multimedia/WellPoint_Case_Study_IMC14792.pdf",
}
@misc{auto,
    author =    "Emilio Frazzoli, Munther A. Dahleh, Eric Feron",
    title =     "Real-Time Motion Planning for Autonomous Vehicles",
    url =       "https://arc.aiaa.org/doi/abs/10.2514/2.4856",
}
@misc{turing,
    author =       "Alan M. Turing",
    title =        "Computing Machinary and Intelligence",
    url =      "http://joelvelasco.net/teaching/hum9/turing50-computingwithcommentary.pdf",
}
@misc{packet,
    author =        "Donald A. Weir et al",
    title =         "Packet Switching",
    url =           "https://docs.google.com/viewer?url=patentimages.storage.googleapis.com/pdfs/US4707831.pdf",
}
@misc{judea,
    author =        "Rina Dechter, Judea Pearl",
    title =         "Network-based Heuristics for Constraint-Satisfaction Problems",
    url =           "http://cse.unl.edu/~choueiry/Documents/Dechter-Pearl1987b.pdf",
}
@misc{DeepBlue,
    author    = "Demis Hassabis",
    title     = "Artificial Intelligence: chess match of the century",
    url       = "https://www.nature.com/articles/544413a",
}
@article{whatiscc,
    author =       "Gualtiero Piccinini",
    title =        "Computational explanation in neuroscience",
    journal =      "Springer Science+Business Media B.V. 2006",
    volume =       "5",
    number =       "8",
    pages =        "62-71",
    year =         "2011",
}
@article{neuro,
    author =       "Dharmendra S. Modha et al",
    title =        "Cognitive computing",
    journal =      "Communications of the ACM",
    pages =        "1-11",
    year =         "2006",
}
@misc{watsonAnswer,
    author =       "Richard J. Mammone et al",
    title =        "IBM's Statistical Question Answering System",
    url =      "http://trec.nist.gov/pubs/trec9/papers/ibm_qa.pdf",
}
@misc{super,
    author =        "Alan N. Afuah, James M. Utterback",
    title =         "The Emergence of a New Supercomputer Architecture",
    url =           "https://dspace.mit.edu/bitstream/handle/1721.1/2327/SWP-3215-22885617.pd?sequence=1",
}
@misc{nano,
    author =       "Zobair Ullah",
    title =        "Nanotechnology and Its Impact on Modern Computer",
    url =      "https://globaljournals.org/GJRE_Volume12/6-Nanotechnology-and-Its-Impact-on-Modern-Computer.pdf",
}
@misc{power,
    author =        "Ronald Kalla, Balaram Sinhaory",
    title =         "POWER7: IMB's Next Generation Server Processor",
    url =           "https://www.hotchips.org/wp-content/uploads/hc_archives/hc21/3_tues/HC21.25.800.ServerSystemsII-Epub/HC21.25.829.Kalla-IBM-POWER7NextGenerationServerProcessorv7display.pdf",
}
@misc{hadoop,
    author =        "Wikipedia",
    title =         "Apache Hadoop",
    url =           "http://omeroztat.com/docs/Hadoop.pdf",
}
@misc{hp,
    author =        "HP",
    title =         "Brain - Neuromorphic computing and the future of artificial congnition",
    url =           "https://www.labs.hpe.com/next-next/brain"
}
@misc{education,
    author =        "Mauro Coccoli, Paolo Maresca, Lidia Stanganelli",
    title =         "Cognitive Computing in Education",
    url =           "https://s3.amazonaws.com/academia.edu.documents/46045376/1185-2596-1-PB.pdf?AWSAccessKeyId=AKIAIWOWYYGZ2Y53UL3A&Expires=1512337460&Signature=TX23hhSi9MRVNHz2xHozNCepp%2Bw%3D&response-content-disposition=inline%3B%20filename%3DPEER_REVIEWED_PAPERS_BIG_DATA_COGNITIVE.pdf"
}